

@article{Fryer2012,
  author  = {Chris L. Fryer and Krzysztof Belczynski and Grzegorz Wiktorowicz and Michal Dominik and Vicky Kalogera and Daniel E. Holz},
  doi     = {10.1088/0004-637x/749/1/91},
  journal = {The Astrophysical Journal},
  month   = {mar},
  number  = {1},
  pages   = {91},
  title   = {COMPACT REMNANT MASS FUNCTION: DEPENDENCE ON THE EXPLOSION MECHANISM AND METALLICITY},
  url     = {https://doi.org/10.1088/0004-637x/749/1/91},
  volume  = {749},
  year    = {2012}
}

@article{Hessels2006,
  author  = {Jason W. T. Hessels  and Scott M. Ransom  and Ingrid H. Stairs  and Paulo C. C. Freire  and Victoria M. Kaspi  and Fernando Camilo },
  doi     = {10.1126/science.1123430},
  eprint  = {https://www.science.org/doi/pdf/10.1126/science.1123430},
  journal = {Science},
  number  = {5769},
  pages   = {1901-1904},
  title   = {A Radio Pulsar Spinning at 716 Hz},
  url     = {https://www.science.org/doi/abs/10.1126/science.1123430},
  volume  = {311},
  year    = {2006}
}

@article{Hobbs2005,
  author  = {Hobbs, G. and Lorimer, D. R. and Lyne, A. G. and Kramer, M.},
  doi     = {10.1111/j.1365-2966.2005.09087.x},
  eprint  = {https://academic.oup.com/mnras/article-pdf/360/3/974/3209564/360-3-974.pdf},
  issn    = {0035-8711},
  journal = {Monthly Notices of the Royal Astronomical Society},
  month   = {07},
  number  = {3},
  pages   = {974-992},
  title   = {{A statistical study of 233 pulsar proper motions}},
  url     = {https://doi.org/10.1111/j.1365-2966.2005.09087.x},
  volume  = {360},
  year    = {2005}
}

@article{Lattimer2004,
  author  = {J. M. Lattimer  and M. Prakash },
  doi     = {10.1126/science.1090720},
  journal = {Science},
  number  = {5670},
  pages   = {536-542},
  title   = {The Physics of Neutron Stars},
  url     = {https://www.science.org/doi/abs/10.1126/science.1090720},
  volume  = {304},
  year    = {2004}
}

@article{NANOGrav2019,
  archiveprefix = {arXiv},
  author        = {Cromartie, H. T. and others},
  collaboration = {NANOGrav},
  doi           = {10.1038/s41550-019-0880-2},
  eprint        = {1904.06759},
  journal       = {Nature Astronomy},
  number        = {1},
  pages         = {72--76},
  primaryclass  = {astro-ph.HE},
  title         = {{Relativistic Shapiro delay measurements of an extremely massive millisecond pulsar}},
  volume        = {4},
  year          = {2019}
}

@article{NICER2019,
  author    = {Miller, M. C. and Lamb, F. K. and Dittmann, A. J. and Bogdanov, S. and Arzoumanian, Z. and Gendreau, K. C. and Guillot, S. and Harding, A. K. and Ho, W. C. G. and Lattimer, J. M. and et al.},
  doi       = {10.3847/2041-8213/ab50c5},
  issn      = {2041-8213},
  journal   = {The Astrophysical Journal},
  month     = {Dec},
  number    = {1},
  pages     = {L24},
  publisher = {American Astronomical Society},
  title     = {PSR J0030+0451 Mass and Radius from NICER Data and Implications for the Properties of Neutron Star Matter},
  url       = {http://dx.doi.org/10.3847/2041-8213/ab50c5},
  volume    = {887},
  year      = {2019}
}

@article{Ozel2016,
  author  = {Özel, Feryal and Freire, Paulo},
  doi     = {10.1146/annurev-astro-081915-023322},
  eprint  = {https://doi.org/10.1146/annurev-astro-081915-023322},
  journal = {Annual Review of Astronomy and Astrophysics},
  number  = {1},
  pages   = {401-440},
  title   = {Masses, Radii, and the Equation of State of Neutron Stars},
  url     = {https://doi.org/10.1146/annurev-astro-081915-023322},
  volume  = {54},
  year    = {2016}
}

@article{Piekarewicz2012PRC,
  author    = {Piekarewicz, J. and S\'anchez, G. Toledo},
  doi       = {10.1103/PhysRevC.85.015807},
  issue     = {1},
  journal   = {Physical Review C},
  month     = {Jan},
  numpages  = {13},
  pages     = {015807},
  publisher = {American Physical Society},
  title     = {Proton fraction in the inner neutron-star crust},
  url       = {https://link.aps.org/doi/10.1103/PhysRevC.85.015807},
  volume    = {85},
  year      = {2012}
}

@article{Shakura1973,
  adsurl  = {https://ui.adsabs.harvard.edu/abs/1973A&A....24..337S},
  author  = {{Shakura}, N. I. and {Sunyaev}, R. A.},
  journal = {Astronomy and Astrophysics},
  pages   = {337–355},
  title   = {Black holes in binary systems. Observational appearance},
  volume  = {24},
  year    = {1973}
}

@article{UCNtau2021,
  author        = {Gonzalez, F. M. and Fries, E. M. and Cude-Woods, C. and Bailey, T. and Blatnik, M. and Broussard, L. J. and Callahan, N. B. and Choi, J. H. and Clayton, S. M. and Currie, S. A. and Dawid, M. and Dees, E. B. and Filippone, B. W. and Fox, W. and Geltenbort, P. and George, E. and Hayen, L. and Hickerson, K. P. and Hoffbauer, M. A. and Hoffman, K. and Holley, A. T. and Ito, T. M. and Komives, A. and Liu, C.-Y. and Makela, M. and Morris, C. L. and Musedinovic, R. and O'Shaughnessy, C. and Pattie, R. W. and Ramsey, J. and Salvat, D. J. and Saunders, A. and Sharapov, E. I. and Slutsky, S. and Su, V. and Sun, X. and Swank, C. and Tang, Z. and Uhrich, W. and Vanderwerp, J. and Walstrom, P. and Wang, Z. and Wei, W. and Young, A. R.},
  collaboration = {$\mathrm{UCN}\ensuremath{\tau}$ Collaboration},
  doi           = {10.1103/PhysRevLett.127.162501},
  issue         = {16},
  journal       = {Physical Review Letters},
  month         = {Oct},
  numpages      = {6},
  pages         = {162501},
  publisher     = {American Physical Society},
  title         = {Improved Neutron Lifetime Measurement with $\mathrm{UCN}\ensuremath{\tau}$},
  url           = {https://link.aps.org/doi/10.1103/PhysRevLett.127.162501},
  volume        = {127},
  year          = {2021}
}

# ---------------------------------------------------------------------------

@book{MCP2017,
  adsnote   = {Provided by the SAO/NASA Astrophysics Data System},
  adsurl    = {https://ui.adsabs.harvard.edu/abs/2017mcp..book.....T},
  author    = {{Thorne}, Kip S. and {Blandford}, Roger D.},
  publisher = {Princeton University Press},
  title     = {{Modern Classical Physics: Optics, Fluids, Plasmas, Elasticity, Relativity, and Statistical Physics}},
  year      = 2017
}

@book{Rosswog2007,
  author    = {Rosswog, S. and Br{\"u}ggen, M.},
  isbn      = {9780521857697},
  lccn      = {2007008118},
  publisher = {Cambridge University Press},
  title     = {Introduction to High-Energy Astrophysics},
  year      = {2007}
}

@book{ShapiroTeukolsky1983,
  author    = {Shapiro, Stuart L. and Teukolsky, Saul A.},
  isbn      = {9780471873167},
  publisher = {Wiley},
  title     = {Black holes, white dwarfs, and neutron stars : the physics of compact objects},
  year      = {1983}
}

@book{Zeldovich2014,
  author    = {Zel’dovich, Y.B. and Novikov, I.D.},
  isbn      = {9780486171326},
  publisher = {Dover},
  title     = {Stars and Relativity},
  year      = {2014}
}
