
@article{pdg2020,
  author  = {{P. A. Zyla et al. (Particle Data Group)}},
  doi     = {10.1093/ptep/ptaa104},
  eprint  = {https://academic.oup.com/ptep/article-pdf/2020/8/083C01/34673722/ptaa104.pdf},
  issn    = {2050-3911},
  journal = {Progress of Theoretical and Experimental Physics},
  month   = {08},
  note    = {083C01},
  number  = {8},
  title   = {{Review of Particle Physics}},
  url     = {https://doi.org/10.1093/ptep/ptaa104},
  volume  = {2020},
  year    = {2020}
}

@book{Griffiths:2008,
  author    = {Griffiths, David},
  edition   = {2nd},
  isbn      = {978-3-527-40601-2},
  publisher = {Wiley-VCH},
  title     = {Introduction to Elementary Particles},
  year      = {2008}
}
@misc{Nobelprize2015,
  note  = {Accessed: 2020-03-16},
  title = {The Nobel Prize in Physics 2015},
  url   = {https://www.nobelprize.org/prizes/physics/2015/summary/}
}

@misc{DavisExperiment,
  note  = {Accessed: 2020-03-16},
  title = {Davis Experiment},
  url   = {https://sanfordlab.org/experiment/davis-experiment}
}

@misc{Pingu,
  note  = {Accessed: 2020-03-16},
  title = {IceCube looks to the future with PINGU},
  url   = {https://icecube.wisc.edu/news/research/2013/12/icecube-looks-to-future-with-pingu/}
}

@misc{Dune,
  note  = {Accessed: 2020-03-16},
  title = {Deep Underground Neutrino Experiment (DUNE)},
  url   = {https://www.dunescience.org/}
}